@ARTICLE{Berman1983,
   author       = "G. P. Berman, Jr. and F. M. Izrailev, Jr.",
   title        = "Stability of nonlinear modes",
   journal      = "Physica D",
   volume       = "88", 
   pages        = "445",
   year         = "1983",
}

@article{Ahmed:JCP:2009,
  title={"Solid-liquid equilibria and triple points of n-6 Lennard-Jones fluids"},
  author={"Ahmed, Alauddin and Sadus, Richard J"},
  journal={"The Journal of chemical physics"},
  volume={"131"},
  number={"17"},
  pages={"174504"},
  year={"2009"},
  publisher={"American Institute of Physics"}
}

@article{Watanabe:JCP:2012,
  title={Phase diagram and universality of the Lennard-Jones gas-liquid system},
  author={Watanabe, Hiroshi and Ito, Nobuyasu and Hu, Chin-Kun},
  journal={The Journal of chemical physics},
  volume={136},
  number={20},
  pages={204102},
  year={2012},
  publisher={American Institute of Physics}
}

@article{Heier:MP:2018,
  title={Equation of state for the Lennard-Jones truncated and shifted fluid with a cut-off radius of 2.5 $\sigma$ based on perturbation theory and its applications to interfacial thermodynamics},
  author={Heier, Michaela and Stephan, Simon and Liu, Jinlu and Chapman, Walter G and Hasse, Hans and Langenbach, Kai},
  journal={Molecular Physics},
  volume={116},
  number={15-16},
  pages={2083--2094},
  year={2018},
  publisher={Taylor \& Francis}
}

@article{Adidharma:JCP:2016,
    author = {Adidharma,Hertanto  and Tan,Sugata P. },
    title = {Accurate Monte Carlo simulations on FCC and HCP Lennard-Jones solids at very low temperatures and high reduced densities up to 1.30},
    journal = {The Journal of Chemical Physics},
    volume = {145},
    number = {1},
    pages = {014503},
    year = {2016},
    doi = {10.1063/1.4955061}
}

@article{THOL:JPCRF:2016,
author = {Thol,Monika  and Rutkai,Gabor  and KÃ¶ster,Andreas  and Lustig,Rolf  and Span,Roland  and Vrabec,Jadran },
title = {Equation of State for the Lennard-Jones Fluid},
journal = {Journal of Physical and Chemical Reference Data},
volume = {45},
number = {2},
pages = {023101},
year = {2016},
doi = {10.1063/1.4945000},
}

@article{Baidakov:JETP:2006,
title = {Metastable extensions of phase equilibrium lines and singular points of simple substance},
journal = {Journal of Experimental and Theoretical Physics},
volume = {103},
number = {6},
pages = {876-886},
year = {2006},
issn = {1090-6509},
doi = {https://doi.org/10.1134/S1063776106120053},
author = {Baidakov, V. G. and Protsenko, S. P}}

